@Manual{R-apaTables,
  title = {apaTables: Create American Psychological Association (APA) Style Tables},
  author = {David Stanley},
  year = {2021},
  note = {R package version 2.0.8},
  url = {https://CRAN.R-project.org/package=apaTables},
}
@Manual{R-base,
  title = {R: A Language and Environment for Statistical Computing},
  author = {{R Core Team}},
  organization = {R Foundation for Statistical Computing},
  address = {Vienna, Austria},
  year = {2023},
  url = {https://www.R-project.org/},
}
@Article{R-bayesplot,
  title = {Visualization in Bayesian workflow},
  author = {Jonah Gabry and Daniel Simpson and Aki Vehtari and Michael Betancourt and Andrew Gelman},
  year = {2019},
  journal = {J. R. Stat. Soc. A},
  volume = {182},
  issue = {2},
  pages = {389-402},
  doi = {10.1111/rssa.12378},
}
@Article{R-bridgesampling,
  title = {{bridgesampling}: An {R} Package for Estimating Normalizing Constants},
  author = {Quentin F. Gronau and Henrik Singmann and Eric-Jan Wagenmakers},
  journal = {Journal of Statistical Software},
  year = {2020},
  volume = {92},
  number = {10},
  pages = {1--29},
  doi = {10.18637/jss.v092.i10},
}
@Article{R-brms_a,
  title = {{brms}: An {R} Package for {Bayesian} Multilevel Models Using {Stan}},
  author = {Paul-Christian Bürkner},
  journal = {Journal of Statistical Software},
  year = {2017},
  volume = {80},
  number = {1},
  pages = {1--28},
  doi = {10.18637/jss.v080.i01},
  encoding = {UTF-8},
}
@Article{R-brms_b,
  title = {Advanced {Bayesian} Multilevel Modeling with the {R} Package {brms}},
  author = {Paul-Christian Bürkner},
  journal = {The R Journal},
  year = {2018},
  volume = {10},
  number = {1},
  pages = {395--411},
  doi = {10.32614/RJ-2018-017},
  encoding = {UTF-8},
}
@Article{R-brms_c,
  title = {Bayesian Item Response Modeling in {R} with {brms} and {Stan}},
  author = {Paul-Christian Bürkner},
  journal = {Journal of Statistical Software},
  year = {2021},
  volume = {100},
  number = {5},
  pages = {1--54},
  doi = {10.18637/jss.v100.i05},
  encoding = {UTF-8},
}
@Manual{R-dplyr,
  title = {dplyr: A Grammar of Data Manipulation},
  author = {Hadley Wickham and Romain François and Lionel Henry and Kirill Müller and Davis Vaughan},
  year = {2023},
  note = {R package version 1.1.4},
  url = {https://CRAN.R-project.org/package=dplyr},
}
@Book{R-ggplot2,
  author = {Hadley Wickham},
  title = {ggplot2: Elegant Graphics for Data Analysis},
  publisher = {Springer-Verlag New York},
  year = {2016},
  isbn = {978-3-319-24277-4},
  url = {https://ggplot2.tidyverse.org},
}
@Book{R-knitr,
  title = {Dynamic Documents with {R} and knitr},
  author = {Yihui Xie},
  publisher = {Chapman and Hall/CRC},
  address = {Boca Raton, Florida},
  year = {2015},
  edition = {2nd},
  note = {ISBN 978-1498716963},
  url = {https://yihui.org/knitr/},
}
@Book{R-lattice,
  title = {Lattice: Multivariate Data Visualization with R},
  author = {Deepayan Sarkar},
  year = {2008},
  publisher = {Springer},
  address = {New York},
  isbn = {978-0-387-75968-5},
  url = {http://lmdvr.r-forge.r-project.org},
}
@Manual{R-magick,
  title = {magick: Advanced Graphics and Image-Processing in R},
  author = {Jeroen Ooms},
  year = {2024},
  note = {R package version 2.8.4},
  url = {https://CRAN.R-project.org/package=magick},
}
@Manual{R-papaja,
  title = {{papaja}: {Prepare} reproducible {APA} journal articles with {R Markdown}},
  author = {Frederik Aust and Marius Barth},
  year = {2023},
  note = {R package version 0.1.2},
  url = {https://github.com/crsh/papaja},
}
@Article{R-plyr,
  title = {The Split-Apply-Combine Strategy for Data Analysis},
  author = {Hadley Wickham},
  journal = {Journal of Statistical Software},
  year = {2011},
  volume = {40},
  number = {1},
  pages = {1--29},
  url = {https://www.jstatsoft.org/v40/i01/},
}
@Article{R-posterior,
  title = {Rank-normalization, folding, and localization: An improved Rhat
for assessing convergence of MCMC (with discussion)},
  author = {Aki Vehtari and Andrew Gelman and Daniel Simpson and Bob Carpenter and Paul-Christian Bürkner},
  year = {2021},
  journal = {Bayesian Analysis},
}
@Article{R-Rcpp_a,
  title = {{Rcpp}: Seamless {R} and {C++} Integration},
  author = {Dirk Eddelbuettel and Romain Fran\c{c}ois},
  journal = {Journal of Statistical Software},
  year = {2011},
  volume = {40},
  number = {8},
  pages = {1--18},
  doi = {10.18637/jss.v040.i08},
}
@Article{R-Rcpp_b,
  title = {{Extending {R} with {C++}: A Brief Introduction to {Rcpp}}},
  author = {Dirk Eddelbuettel and James Joseph Balamuta},
  journal = {The American Statistician},
  year = {2018},
  volume = {72},
  number = {1},
  pages = {28-36},
  doi = {10.1080/00031305.2017.1375990},
}
@Manual{R-readr,
  title = {readr: Read Rectangular Text Data},
  author = {Hadley Wickham and Jim Hester and Jennifer Bryan},
  year = {2024},
  note = {R package version 2.1.5},
  url = {https://CRAN.R-project.org/package=readr},
}
@Manual{R-renv,
  title = {renv: Project Environments},
  author = {Kevin Ushey and Hadley Wickham},
  year = {2024},
  note = {R package version 1.0.7},
  url = {https://CRAN.R-project.org/package=renv},
}
@Article{R-report,
  title = {Automated Results Reporting as a Practical Tool to Improve Reproducibility and Methodological Best Practices Adoption},
  author = {Dominique Makowski and Daniel Lüdecke and Indrajeet Patil and Rémi Thériault and Mattan S. Ben-Shachar and Brenton M. Wiernik},
  year = {2023},
  journal = {CRAN},
  url = {https://easystats.github.io/report/},
}
@Manual{R-Rmisc,
  title = {Rmisc: Ryan Miscellaneous},
  author = {Ryan M. Hope},
  year = {2022},
  note = {R package version 1.5.1},
  url = {https://CRAN.R-project.org/package=Rmisc},
}
@Manual{R-scales,
  title = {scales: Scale Functions for Visualization},
  author = {Hadley Wickham and Thomas Lin Pedersen and Dana Seidel},
  year = {2023},
  note = {R package version 1.3.0},
  url = {https://CRAN.R-project.org/package=scales},
}
@Manual{R-sjlabelled,
  title = {sjlabelled: Labelled Data Utility Functions (Version 1.2.0)},
  author = {Daniel Lüdecke},
  year = {2022},
  url = {https://CRAN.R-project.org/package=sjlabelled},
  doi = {10.5281/zenodo.1249215},
}
@Manual{R-sjPlot,
  title = {sjPlot: Data Visualization for Statistics in Social Science},
  author = {Daniel Lüdecke},
  year = {2024},
  note = {R package version 2.8.16},
  url = {https://CRAN.R-project.org/package=sjPlot},
}
@Manual{R-stringr,
  title = {stringr: Simple, Consistent Wrappers for Common String Operations},
  author = {Hadley Wickham},
  year = {2023},
  note = {R package version 1.5.1},
  url = {https://CRAN.R-project.org/package=stringr},
}
@Manual{R-tictoc,
  title = {tictoc: Functions for Timing R Scripts, as Well as Implementations of
"Stack" and "StackList" Structures},
  author = {Sergei Izrailev},
  year = {2024},
  note = {R package version 1.2.1},
  url = {https://CRAN.R-project.org/package=tictoc},
}
@Manual{R-tinylabels,
  title = {{tinylabels}: Lightweight Variable Labels},
  author = {Marius Barth},
  year = {2023},
  note = {R package version 0.2.4},
  url = {https://cran.r-project.org/package=tinylabels},
}
@Article{R-lme4,
  title = {Fitting Linear Mixed-Effects Models Using {lme4}},
  author = {Douglas Bates and Martin M{\"a}chler and Ben Bolker and Steve Walker},
  journal = {Journal of Statistical Software},
  year = {2015},
  volume = {67},
  number = {1},
  pages = {1--48},
  doi = {10.18637/jss.v067.i01},
}
@Manual{R-Matrix,
  title = {Matrix: Sparse and Dense Matrix Classes and Methods},
  author = {Douglas Bates and Martin Maechler and Mikael Jagan},
  year = {2024},
  note = {R package version 1.6-5},
  url = {https://CRAN.R-project.org/package=Matrix},
}
@Manual{R-reticulate,
  title = {reticulate: Interface to 'Python'},
  author = {Kevin Ushey and JJ Allaire and Yuan Tang},
  year = {2024},
  note = {R package version 1.39.0},
  url = {https://CRAN.R-project.org/package=reticulate},
}
@Misc{R-rstan,
  title = {{RStan}: the {R} interface to {Stan}},
  author = {{Stan Development Team}},
  note = {R package version 2.32.6},
  year = {2024},
  url = {https://mc-stan.org/},
}
@Manual{R-shiny,
  title = {shiny: Web Application Framework for R},
  author = {Winston Chang and Joe Cheng and JJ Allaire and Carson Sievert and Barret Schloerke and Yihui Xie and Jeff Allen and Jonathan McPherson and Alan Dipert and Barbara Borges},
  year = {2024},
  note = {R package version 1.9.1},
  url = {https://CRAN.R-project.org/package=shiny},
}
@Misc{R-StanHeaders,
  title = {{StanHeaders}: Headers for the {R} interface to {Stan}},
  author = {{Stan Development Team}},
  note = {R package version 2.21.0-6},
  year = {2020},
  url = {https://mc-stan.org/},
}
@Manual{R-huxtable,
  title = {huxtable: Easily Create and Style Tables for LaTeX, HTML and Other Formats},
  author = {David Hugh-Jones},
  year = {2024},
  note = {R package version 5.5.6},
  url = {https://CRAN.R-project.org/package=huxtable},
}
@Manual{R-sjtable2df,
  title = {sjtable2df: Convert 'sjPlot' HTML-Tables to R 'data.frame'},
  author = {Lorenz A. Kapsner},
  year = {2023},
  note = {R package version 0.0.3},
  url = {https://CRAN.R-project.org/package=sjtable2df},
}
@Article{R-modelsummary,
  title = {{modelsummary}: Data and Model Summaries in {R}},
  author = {Vincent Arel-Bundock},
  journal = {Journal of Statistical Software},
  year = {2022},
  volume = {103},
  number = {1},
  pages = {1--23},
  doi = {10.18637/jss.v103.i01},
}
@Manual{R-broom.mixed,
  title = {broom.mixed: Tidying Methods for Mixed Models},
  author = {Ben Bolker and David Robinson},
  year = {2024},
  note = {R package version 0.2.9.5},
  url = {https://CRAN.R-project.org/package=broom.mixed},
}
@Article{R-lmerTest,
  title = {{lmerTest} Package: Tests in Linear Mixed Effects Models},
  author = {Alexandra Kuznetsova and Per B. Brockhoff and Rune H. B. Christensen},
  journal = {Journal of Statistical Software},
  year = {2017},
  volume = {82},
  number = {13},
  pages = {1--26},
  doi = {10.18637/jss.v082.i13},
}
